@article{duchon2000enumeration,
  title={On the enumeration and generation of generalized Dyck words},
  author={Duchon, Philippe},
  journal={Discrete Mathematics},
  volume={225},
  number={1-3},
  pages={121--135},
  year={2000},
  publisher={Elsevier}
}